% This file was created with JabRef 2.10.
% Encoding: MacRoman
OPTPage

@InProceedings{abbasi2009extending,
  Title                    = {Extending {I/O} Through High Performance Data Services},
  Author                   = {Abbasi, Hasan and Lofstead, Jay and Zheng, Fang and Schwan, Karsten and Wolf, Matthew and Klasky, Scott.},
  Booktitle                = {Proceedings of the IEEE International Conference on Cluster Computing and Workshops (CLUSTER '09)},
  Year                     = {2009},
  Month                    = sep,
  PagesOPTPages                    = {1--10},

  Doi                      = {10.1109/CLUSTR.2009.5289167},
  ISSN                     = {1552-5244},
  Location					= {New Orleans, Louisiana, USA}
}

@InProceedings{abbasi2009datastager,
  Title                    = {{DataStager}: Scalable Data Staging Services for Petascale Applications},
  Author                   = {Abbasi, Hasan and Wolf, Matthew and Eisenhauer, Greg and Klasky, Scott and Schwan, Karsten and Zheng, Fang},
  Booktitle                = {Proceedings of the 18th ACM International Symposium on High Performance Distributed Computing (HPDC '09)},
  Year                     = {2009},

  Address                  = {New York, NY, USA},
  Pages                    = {39--48},
  Publisher                = {ACM},

  Acmid                    = {1551618},
  Doi                      = {10.1145/1551609.1551618},
  ISBN                     = {978-1-60558-587-1},
  Location                 = {Garching, Germany}
}

@InProceedings{ali2009scalable,
  Title                    = {Scalable {I/O} Forwarding Framework for High-Performance Computing Systems},
  Author                   = {Ali, Nawab and Carns, Philip and Iskra, Kamil and Kimpe, Dries and Lang, Samuel and Latham, Robert and Ross, Robert and Ward, Lee and Sadayappan, Ponnuswamy},
  Booktitle                = {Proceedings of the IEEE International Conference on Cluster Computing and Workshops, 2009. CLUSTER '09.},
  Year                     = {2009},
  Month                    = sep,
  OPTPages                    = {1--10},

  Doi                      = {10.1109/CLUSTR.2009.5289188},
  ISSN                     = {1552-5244}
}

@Misc{intrepid,
  Title                    = {Intrepid supercomputer, Argonne National Laboratory},
  Author                   = {},
  HowPublished             = {\url{https://www.alcf.anl.gov/intrepid}}
}

@Misc{mira,
  Title                    = {Mira supercomputer, Argonne National Laboratory},
  HowPublished             = {\url{http://www.alcf.anl.gov/mira}},
  Author                   = {}
}

@Article{batsakis2009nfs,
  Title                    = {{CA-NFS}: a Congestion-Aware Network File System},
  Author                   = {Batsakis, Alexandros and Burns, Randal and Kanevsky, Arkady and Lentini, James and Talpey, Thomas},
  Journal                  = {ACM Transactions on Storage (TOS)},
  Year                     = {2009},
  Number                   = {4},
  Pages                    = {15},
  Volume                   = {5},

  Publisher                = {ACM}
}

@InProceedings{bent2009plfs,
  Title                    = {{PLFS}: a Checkpoint Filesystem for Parallel Applications},
  Author                   = {Bent, John and Gibson, Garth and Grider, Gary and McClelland, Ben and Nowoczynski, Paul and Nunez, James and Polte, Milo and Wingate, Meghan},
  Booktitle                = {Proceedings of the ACM/IEEE International Conference on High Performance Computing, Networking, Storage and Analysis (SC '09)},
  Year                     = {2009},
  Month                    = nov,
  OPTPages                    = {1--12}
}

@Article{bolze2006grid,
  Title                    = {{Grid'5000}: A Large Scale and Highly Reconfigurable Experimental Grid Testbed},
  Author                   = {Bolze, R. and Cappello, F. and Caron, E. and Dayd{\'e}, M. and Desprez, F. and Jeannot, E. and J{\'e}gou, Y. and Lanteri, S. and Leduc, J. and Melab, N. and others},
  Journal                  = {International Journal of High Performance Computing Applications (IJHPCA)},
  Year                     = {2006},
  Number                   = {4},
  Pages                    = {481},
  Volume                   = {20},

  ISSN                     = {1094-3420},
  Publisher                = {SAGE Publications}
}

@Article{bryan2002benchmark,
  Title                    = {A Benchmark Simulation for Moist Nonhydrostatic Numerical Models},
  Author                   = {Bryan, George H. and Fritsch, J. Michael},
  Journal                  = {Monthly Weather Review},
  Year                     = {2002},
  Number                   = {12},
  Pages                    = {2917--2928},
  Volume                   = {130},

  Doi                      = {10.1175/1520-0493(2002)130<2917:ABSFMN>2.0.CO;2}
}

@InProceedings{byna2008parallel,
  Title                    = {Parallel {I/O} Prefetching using {MPI} File Caching and {I/O} Signatures},
  Author                   = {Byna, S. and Yong Chen and Xian-He Sun and Thakur, R. and Gropp, W.},
  Booktitle                = {Proceedings of the ACM/IEEE International Conference for High Performance Computing, Networking, Storage and Analysis (SC '08)},
  Year                     = {2008},
  Month                    = nov,
  OPTPages                    = {1--12},

  Doi                      = {10.1109/SC.2008.5213604}
}

@Article{carns2009small,
  Title                    = {{Small-File Access in Parallel File Systems}},
  Author                   = {Philip Carns and Sam Lang and Robert Ross and Murali Vilayannur and Julian Kunkel and Thomas Ludwig},
  Journal                  = {IEEE International Parallel and Distributed Processing Symposium (IPDPS '09)},
  Year                     = {2009},
  OPTPages                    = {1--11},

  Address                  = {Los Alamitos, CA, USA},
  Doi                      = {10.1109/IPDPS.2009.5161029},
  ISBN                     = {978-1-4244-3751-1},
  Publisher                = {IEEE Computer Society}
}

@InProceedings{carns200924,
  Title                    = {24/7 Characterization of Petascale {I/O} Workloads},
  Author                   = {Carns, Philip and Latham, Robert and Ross, Robert and Iskra, Kamil and Lang, Samuel and Riley, Katherine},
  Booktitle                = {Proceedings of the IEEE International Conference on Cluster Computing and Workshops (CLUSTER '09)},
  Year                     = {2009},
  Organization             = {IEEE},
  OPTPages                    = {1--10}
}

@InProceedings{carns2000pvfs,
  Title                    = {{PVFS: a Parallel File System for Linux Clusters}},
  Author                   = {Carns, Philip H. and Ligon,III, Walter B. and Ross, Robert B. and Thakur, Rajeev},
  Booktitle                = {Proceedings of the 4th annual Linux Showcase \& Conference - Volume 4},
  Year                     = {2000},

  Address                  = {Berkeley, CA, USA},
  Publisher                = {USENIX Association},

  Acmid                    = {1268407},
  Location                 = {Atlanta, Georgia},
  Numpages                 = {1}
}

@InProceedings{carrera2003conserving,
  Title                    = {Conserving Disk Energy in Network Servers},
  Author                   = {Carrera, Enrique V and Pinheiro, Eduardo and Bianchini, Ricardo},
  Booktitle                = {Proceedings of the 17th annual ACM International Conference on Supercomputing (ICS '03)},
  Year                     = {2003},
  Organization             = {ACM},
  Pages                    = {86--97}
}

@Article{chen2013synergistic,
  Title                    = {Synergistic Challenges in Data-Intensive Science and Exascale Computing},
  Author                   = {Chen, J and Choudhary, A and Feldman, S and Hendrickson, B and Johnson, CR and Mount, R and Sarkar, V and White, V and Williams, D},
  Journal                  = {DOE ASCAC Data Subcommittee Report, Department of Energy Office of Science},
  Year                     = {2013}
}

@InProceedings{chen2008exploring,
  Title                    = {Exploring Parallel {I/O} Concurrency with Speculative Prefetching},
  Author                   = {Chen, Yong and Byna, Surendra and Sun, Xian-He and Thakur, Rajeev and Gropp, William},
  Booktitle                = {Proceedings of the 37th International Conference on Parallel Processing (ICPP '08)},
  Year                     = {2008},
  Organization             = {IEEE},
  Pages                    = {422--429}
}

@Article{chilan2006parallel,
  Title                    = {Parallel {I/O} Performance Study with HDF5, a Scientific Data Package},
  Author                   = {Chilan, Christian M and Yang, M and Cheng, Albert and Arber, Leon},
  Journal                  = {TeraGrid 2006: Advancing Scientific Discovery},
  Year                     = {2006}
}

@Article{childs2010extreme,
  Title                    = {Extreme Scaling of Production Visualization Software on Diverse Architectures},
  Author                   = {Childs, H. and Pugmire, D. and Ahern, S. and Whitlock, B. and Howison, M. and others},
  Journal                  = {IEEE Computer Graphics and Applications},
  Year                     = {2010},
  Pages                    = {22--31},

  ISSN                     = {0272-1716},
  Publisher                = {IEEE Computer Society}
}

@InProceedings{ching2002noncontiguous,
  Title                    = {{Non-Contiguous I/O through PVFS}},
  Author                   = {Avery Ching and Alok Choudhary and Wei-keng Liao and Rob Ross and William Gropp},
  Year                     = {2002},
  Booktitle                = {Proceedings of the IEEE International Conference on Cluster Computing (CLUSTER '02)},
  Location                 = {Chicago, Illinois, USA},
  Pages                    = {405},
  Publisher                = {IEEE Computer Society},

  Doi                      = {10.1109/CLUSTR.2002.1137773},
  ISBN                     = {0-7695-1745-5},
  
}

@Article{dickens2008towards,
  Title                    = {{Towards a High Performance Implementation of MPI-I/O on the Lustre File System}},
  Author                   = {Dickens, P. and Logan, J.},
  Journal                  = {On the Move to Meaningful Internet Systems (OTM)},
  Year                     = {2008},

  Publisher                = {Springer}
}

@Article{dickens2001evaluation,
  Title                    = {Evaluation of Collective {I/O} Implementations on Parallel Architectures},
  Author                   = {Phillip M. Dickens and Rajeev Thakur},
  Journal                  = {Journal of Parallel and Distributed Computing (JPDC)},
  Year                     = {2001},
  Number                   = {8},
  Pages                    = {1052--1076},
  Volume                   = {61},

  Doi                      = {10.1006/jpdc.2000.1733},
  ISSN                     = {0743-7315}
}

@Article{diouri2013energy,
  Title                    = {Energy Efficiency in High-Performance Computing With and Without Knowledge of Applications and Services},
  Author                   = {Diouri, Mohammed EM and Chetsa, Ghislain L Tsafack and Gl{\"u}ck, Olivier and Lefevre, Laurent and Pierson, Jean-Marc and Stolf, Patricia and Da Costa, Georges},
  Journal                  = {International Journal of High Performance Computing Applications (IJHPCA)},
  Year                     = {2013},
  Number                   = {3},
  Pages                    = {232--243},
  Volume                   = {27},

  Publisher                = {Sage Publications}
}

@InProceedings{docan2010dataspaces,
  Title                    = {{DataSpaces}: an Interaction and Coordination Framework for Coupled Simulation Workflows},
  Author                   = {Docan, Ciprian and Parashar, Manish and Klasky, Scott},
  Booktitle                = {Proceedings of the 19th ACM International Symposium on High Performance Distributed Computing (HPDC '10)},
  Year                     = {2010},

  Address                  = {New York, NY, USA},
  Pages                    = {25--36},
  Publisher                = {ACM},

  Acmid                    = {1851481},
  Doi                      = {10.1145/1851476.1851481},
  ISBN                     = {978-1-60558-942-8},
  Location                 = {Chicago, Illinois, USA}
}

@Article{docan2010enabling,
  Title                    = {Enabling High-Speed Asynchronous Data Extraction and Transfer Using {DART}},
  Author                   = {Docan, Ciprian and Parashar, Manish and Klasky, Scott},
  Journal                  = {Concurrency and Computation{:} Practice and Experience},
  Year                     = {2010},
  Pages                    = {1181--1204},

  Doi                      = {10.1002/cpe.1567},
  ISSN                     = {1532-0634},
  Publisher                = {John Wiley \& Sons, Ltd.}
}

@InProceedings{schwan2003lustre,
  Title                    = {{Lustre: Building a File System for 1000-node Clusters}},

  Author                   = {Stephanie Donovan and Gerrit Huizenga and Andrew J. Hutton and C. Craig Ross and Martin K. Petersen and Philip Schwan},
  Year                     = {2003},

  Booktitle                = {Proceedings of the 2003 Linux Symposium},
  Organization             = {Citeseer}
}

@InProceedings{dorier2011damaris,
  Title                    = {{SRC}: Damaris - Using Dedicated {I/O} Cores for Scalable {Post-Petascale} {HPC} Simulations},
  Author                   = {Dorier, Matthieu},
  Booktitle                = {Proceedings of the International Conference on Supercomputing (ICS '11)},
  Year                     = {2011},

  Address                  = {New York, NY, USA},
  Pages                    = {370},
  Publisher                = {ACM},
  Series                   = {ICS '11},

  Acmid                    = {1995953},
  Doi                      = {10.1145/1995896.1995953},
  ISBN                     = {978-1-4503-0102-2},
  Keywords                 = {dedicated cores, exascale computing, i/o, multicore architectures},
  Location                 = {Tucson, Arizona, USA},
  Numpages                 = {1},
  Url                      = {http://doi.acm.org/10.1145/1995896.1995953}
}

@TechReport{dorier:inria-00614597,
  Title                    = {Damaris: Leveraging Multicore Parallelism to Mask {I/O} Jitter},
  Author                   = {Dorier, Matthieu and Antoniu, Gabriel and Cappello, Franck and Snir, Marc and Orf, Leigh},
  Institution              = {INRIA},
  Year                     = {2012},
  Month                    = apr,
  Number                   = {RR-7706},
  Type                     = {Research Report},

  Collaboration            = {Joint INRIA/UIUC Laboratory for Petascale Computing, Grid'5000 },
  File                     = {RR-7706.pdf:http\://hal.inria.fr/inria-00614597/PDF/RR-7706.pdf:PDF},
  Hal_id                   = {inria-00614597},
  Keywords                 = {Exascale Computing, Multicore Architectures, I/O, Variability, Dedicated Cores},
  Language                 = {English},
  Pages                    = {36},
  Url                      = {http://hal.inria.fr/inria-00614597}
}

@InProceedings{dorier2012damaris,
  Title                    = {{Damaris: How to Efficiently Leverage Multicore Parallelism to Achieve Scalable, Jitter-free I/O}},
  Author                   = {Dorier, Matthieu and Antoniu, Gabriel and Cappello, Franck and Snir, Marc and Orf, Leigh},
  Booktitle                = {{Proceedings of the IEEE International Conference on Cluster Computing (CLUSTER '12)}},
  Year                     = {2012},

  Address                  = {Beijing, China},
  Month                    = sep,
  Publisher                = {IEEE},

  File                     = {paper.pdf:http\://hal.inria.fr/hal-00715252/PDF/paper.pdf:PDF},
  Hal_id                   = {hal-00715252},
  Url                      = {http://hal.inria.fr/hal-00715252}
}

@InProceedings{dorier2014calciom,
  Title                    = {{CALCioM}: Mitigating {I/O} Interference in {HPC} Systems through Cross-Application Coordination},
  Author                   = {Dorier, Matthieu and Antoniu, Gabriel and Ross, Robert and Kimpe, Dries and Ibrahim, Shadi},
  Booktitle                = {{Proceedings of the IEEE International Parallel and Distributed Processing Symposium (IPDPS '14)}},
  Year                     = {2014},

  Address                  = {Phoenix, Arizona, USA},
  Month                    = may,

  File                     = {CALCioM.pdf:http\://hal.inria.fr/hal-00916091/PDF/CALCioM.pdf:PDF},
  Hal_id                   = {hal-00916091},
  Language                 = {English},
  Url                      = {http://hal.inria.fr/hal-00916091}
}

@InProceedings{dorier2014omniscio,
  Title                    = {{Omnisc'IO: A Grammar-Based Approach to Spatial and Temporal I/O Patterns Prediction}},
  Author                   = {Dorier, Matthieu and Ibrahim, Shadi and Antoniu, Gabriel and Ross, Robert},
  Booktitle                = {{Proceedings of the International Conference for High Performance Computing, Networking, Storage and Analysis (SC '14)}},
  Year                     = {2014},

  Address                  = {New Orleans, United States},
  Month                    = nov,
  Organization             = {IEEE, ACM},

  Affiliation              = {KerData - INRIA - IRISA , Ecole normale sup{\'e}rieure de Rennes - ENS Rennes , Argonne National Laboratory - ANL},
  Hal_id                   = {hal-01025670},
  Url                      = {http://hal.inria.fr/hal-01025670}
}

@InProceedings{dorier2013damarisviz,
  Title                    = {{Damaris/Viz: a Nonintrusive, Adaptable and User-Friendly In Situ Visualization Framework}},
  Author                   = {Dorier, Matthieu and Sisneros, Roberto, R. and Peterka, Tom and Antoniu, Gabriel and Semeraro, Dave, B.},
  Booktitle                = {{Proceedings of the IEEE Symposium on Large-Scale Data Analysis and Visualization (LDAV '13)}},
  Year                     = {2013},

  Address                  = {Atlanta, Georgia, USA},
  Month                    = oct,

  Hal_id                   = {hal-00859603},
  Url                      = {http://hal.inria.fr/hal-00859603}
}

@Article{dreher2014fd169,
  Title                    = {{Exaviz}: A Flexible Framework to Analyse, Steer and Interact with Molecular Dynamics Simulations},
  Author                   = {Dreher, Matthieu and Prevoteau-Jonquet, Jessica and Trellet, Mikael and Piuzzi, Marc and Baaden, Marc and Raffin, Bruno and F{\'e}rey, Nicolas and Robert, Sophie and Limet, S{\'e}bastien},
  Journal                  = {Faraday Discussions},
  Year                     = {2014},

  Publisher                = {Royal Society of Chemistry}
}

@Article{dreher2014flexible,
  Title                    = {A Flexible Framework for Asynchronous In Situ and In Transit Analytics for Scientific Simulations},
  Author                   = {Dreher, Matthieu and Raffin, Bruno and others},
  Journal                  = {ACM/IEEE International Symposium on Cluster, Cloud and Grid Computing (CCGrid '14)},
  Year                     = {2014}
}

@Article{ellsworth2006concurrent,
  Title                    = {Concurrent Visualization in a Production Supercomputing Environment},
  Author                   = {Ellsworth, D. and Green, B. and Henze, C. and Moran, P. and Sandstrom, T.},
  Journal                  = {IEEE Transactions on Visualization and Computer Graphics (TVGC)},
  Year                     = {2006},

  Month                    = {Sept.-Oct.},
  Number                   = {5},
  Pages                 = {997--1004},
  Volume                   = {12},

  Doi                      = {10.1109/TVCG.2006.128},
  ISSN                     = {1077-2626}
}

@InProceedings{esnard2006steering,
  Title                    = {A Steering Environment for Online Parallel Visualization of Legacy Parallel Simulations},
  Author                   = {Esnard, A. and Richart, N. and Coulaud, O.},
  Booktitle                = {Proceedings of the IEEE/ACM International Symposium on Distributed Simulation and Real-Time Applications (DS-RT '06)},
  Year                     = {2006},
  Organization             = {IEEE},
  Pages                    = {7--14}
}

@Misc{ezviz,
  Title                    = {EzViz},
  Howpublished             = {\url{http://daac.hpc.mil/software/ezViz/}},
  Author                   = {{ERDC DSRC}},
  Year = {2015}
}

@InProceedings{fabian2011paraview,
  Title                    = {The ParaView Coprocessing Library: A Scalable, General Purpose In Situ Visualization Library},
  Author                   = {Fabian, N. and Moreland, K. and Thompson, D. and Bauer, A.C. and Marion, P. and Geveci, B. and Rasquin, M. and Jansen, K.E.},
  Booktitle                = {Proceedings of the IEEE Symposium on Large-Scale Data Analysis and Visualization (LDAV '11)},
  Year                     = {2011}
}

@InProceedings{zhang2012ipdps,
  Title                    = {Enabling In-situ Execution of Coupled Scientific Workflow on Multi-core Platform},
  Author                   = {Fan Zhang and Manish Parashar and Ciprian Docan and Scott Klasky and Norbert Podhorszki and Hasan Abbasi},
  Year                     = {2012},

  Booktitle                = {Proceedings of the IEEE International Parallel and Distributed Processing Symposium (IPDPS '12)},
  Organization             = {IEEE}
}

@InProceedings{folk1999hdf5,
  Title                    = {{HDF5}: A File Format and {I/O} Library for High Performance Computing Applications},
  Author                   = {Folk, Mike and Cheng, Albert and Yates, Kim},
  Booktitle                = {Proceedings of the ACM/IEEE International Conference on High Performance Computing, Networking, Storage and Analysis (SC '99)},
  Year                     = {1999}
}

@InProceedings{frings2009scalable,
  Title                    = {Scalable Massively Parallel {I/O} to Task-Local Files},
  Author                   = {Frings, Wolfgang and Wolf, Felix and Petkov, Ventsislav},
  Booktitle                = {Proceedings of the Conference on High Performance Computing Networking, Storage and Analysis (SC '09)},
  Year                     = {2009},

  Address                  = {New York, NY, USA},
  OPTPages                    = {1--17},
  Publisher                = {ACM},

  Acmid                    = {1654077},
  Doi                      = {10.1145/1654059.1654077},
  ISBN                     = {978-1-60558-744-8},
  Location                 = {Portland, Oregon, USA}
}

@InProceedings{fu2012iothreads,
  Title                    = {{I/O} Threads to Reduce Checkpoint Blocking for an Electromagnetics Solver on {Blue Gene/P} and {Cray XK6}},
  Author                   = {Fu, Jing and Latham, Robert and Min, Misun and Carothers, Christopher D.},
  Booktitle                = {Proceedings of the International workshop on Runtime and Operating Systems for Supercomputers (ROSS '12)},
  Year                     = {2012},
  Month                    = jun,
  OPTPages                    = {1--8}
}

@TechReport{gainaru2014scheduling,
  Title                    = {Scheduling the {I/O} of {HPC} Applications under Congestion},
  Author                   = {Gainaru, Ana and Aupy, Guillaume and Benoit, Anne and Cappello, Franck and Robert, Yves and Snir, Marc},
  Institution              = {INRIA},
  Year                     = {2014},
  Month                    = apr,
  Number                   = {RR-8519},
  Type                     = {Rapport de recherche},

  File                     = {rr-8519.pdf:http\://hal.inria.fr/hal-00983789/PDF/rr-8519.pdf:PDF},
  Hal_id                   = {hal-00983789},
  OPTPages                    = {25},
  Url                      = {http://hal.inria.fr/hal-00983789}
}

@InProceedings{gamell2013exploring,
  Title                    = {Exploring Power Behaviors and Trade-offs of In-situ Data Analytics},
  Author                   = {Gamell, Marc and Rodero, Ivan and Parashar, Manish and Bennett, Janine C. and Kolla, Hemanth and Chen, 
Jacqueline and Bremer, Peer-Timo and Landge, Aaditya G. and Gyulassy, Attila and McCormick, Patrick and Pakin, Scott and Pascucci, Valerio and Klasky, Scott},
  Booktitle                = {Proceedings of the ACM/IEEE International Conference on High Performance Computing, Networking, Storage and Analysis (SC '13)},
  Year                     = {2013},

  Address                  = {New York, NY, USA},
  OPTPages                    = {1--12},
  Publisher                = {ACM},

  Acmid                    = {2503303},
  Articleno                = {77},
  Doi                      = {10.1145/2503210.2503303},
  ISBN                     = {978-1-4503-2378-9},
  Location                 = {Denver, Colorado},
  Numpages                 = {12},
  Url                      = {http://doi.acm.org/10.1145/2503210.2503303}
}

@InProceedings{ganesh2007optimizing,
  Title                    = {Optimizing Power Consumption in Large Scale Storage Systems},
  Author                   = {Ganesh, Lakshmi and Weatherspoon, Hakim and Balakrishnan, Mahesh and Birman, Ken},
  Booktitle                = {Proceedings of the 11th USENIX Workshop on Hot Topics in Operating Systems (HotOS '07)},
  Year                     = {2007},

  Address                  = {Berkeley, CA, USA},
  OPTPages                    = {9:1--9:6},
  Publisher                = {USENIX Association},

  Acmid                    = {1361406},
  Articleno                = {9},
  Location                 = {San Diego, California, USA},
  Numpages                 = {6},
  Url                      = {http://dl.acm.org/citation.cfm?id=1361397.1361406}
}

@InProceedings{geist1996mpi,
  Title                    = {{MPI-2: Extending the message-passing interface}},
  Author                   = {Geist, A. and Gropp, W. and Huss-Lederman, S. and Lumsdaine, A. and Lusk, E. and Saphir, W. and Skjellum, T. and Snir, M.},
  Booktitle                = {Proceedings of the International Conference on Parallel Processing (Euro-Par '96)},
  Year                     = {1996},
  Organization             = {Springer},
  Pages                    = {128--135}
}

@Article{geist2009major,
  Title                    = {Major Computer Science Challenges At Exascale},
  Author                   = {Geist, Al and Lucas, Robert},
  Journal                  = {International Journal of High Performance Computing Applications (IJHPCA)},
  Year                     = {2009},
  Number                   = {4},
  Pages                    = {427--436},
  Volume                   = {23},

  Doi                      = {10.1177/1094342009347445},
  Eprint                   = {http://hpc.sagepub.com/content/23/4/427.full.pdf+html}
}

@Misc{cm1,
  Title                    = {CM1},
  HowPublished             = {\url{http://www.mmm.ucar.edu/people/bryan/cm1/}},
  Author                   = {Georges Bryan}
}

@Misc{natureEarlyUniverse,
  Title                    = {Model Universe Recreates Evolution of the Cosmos},

  Author                   = {Elizabeth Gibney},
  HowPublished             = {\url{http://www.nature.com/news/model-universe-recreates-evolution-of-the-cosmos-1.15178}},
  Year                     = {2014},

  Journal                  = {Nature},
  Number                   = {May 7},
  Type                     = {News}
}

@InProceedings{gniady2004program,
  Title                    = {Program-counter-based Pattern Classification in Buffer Caching},
  Author                   = {Gniady, Chris and Butt, Ali R. and Hu, Y. Charlie},
  Booktitle                = {Proceedings of the 6th Conference on Symposium on Operating Systems Design \& Implementation (OSDI '04)},
  Year                     = {2004},

  Address                  = {Berkeley, CA},
  OPTPages                    = {27--27},
  Publisher                = {USENIX Association},

  Acmid                    = {1251281},
  Location                 = {San Francisco, California, USA},
}

@Misc{hamilton2008cost,
  Title                    = {Cost of Power in Large-Scale Data Centers},

  Author                   = {James Hamilton},
  HowPublished             = {\url{http://perspectives.mvdirona.com/2008/11/28/CostOfPowerInLargeScaleDataCenters.aspx}},
  Month                    = nov,
  Year                     = {2008}
}

@Article{haring2012ibm,
  Title                    = {The {IBM} {Blue Gene/Q} Compute Chip},
  Author                   = {Haring, R.A. and Ohmacht, M. and Fox, T.W. and Gschwind, M.K. and Satterfield, D.L. and Sugavanam, K. and Coteus, P.W. and Heidelberger, P. and Blumrich, M.A. and Wisniewski, R.W. and Gara, A. and Chiu, G.L.-T. and Boyle, P.A. and Chist, N.H. and Changhoan Kim},
  Journal                  = {Micro, IEEE},
  Year                     = {2012},

  Month                    = {March-April},
  Number                   = {2},
  Pages                    = {48--60},
  Volume                   = {32}
}

@Misc{isgtw-cm1,
  Title                    = {Breakthrough Simulation: A Supercell Producing a Long-Track EF5 Tornado},

  Author                   = {Amber Harmon},
  HowPublished             = {\url{http://www.isgtw.org/feature/breakthrough-simulation-supercell-producing-long-track-ef5-tornado}, viewed on July 2014},
  Year                     = {2014},

  Journal                  = {International Science Grid This Week (ISGTW)},
  Number                   = {June 18}
}

@InProceedings{he2013acceleration,
  Title                    = {{I/O} Acceleration with Pattern Detection},
  Author                   = {He, Jun and Bent, John and Torres, Aaron and Grider, Gary and Gibson, Garth and Maltzahn, Carlos and Sun, Xian-He},
  Booktitle                = {Proceedings of the 22nd International Symposium on High-Performance Parallel and Distributed Computing (HPDC '13)},
  Year                     = {2013},
  Organization             = {ACM},
  Pages                    = {25--36}
}

@InProceedings{he2012knowac,
  Title                    = {{KNOWAC: I/O} Prefetch via Accumulated Knowledge},
  Author                   = {He, Jun and Sun, Xian-He and Thakur, Rajeev},
  Booktitle                = {Proceedings of the 2012 IEEE International Conference on Cluster Computing (CLUSTER '12)},
  Year                     = {2012},

  Address                  = {Washington, DC, USA},
  OPTPages                    = {429--437},
  Publisher                = {IEEE Computer Society},

  Acmid                    = {2409167},
  Doi                      = {10.1109/CLUSTER.2012.83},
  ISBN                     = {978-0-7695-4807-4},
  Numpages                 = {9}
}

@Article{hedges2005parallel,
  Title                    = {Parallel File System Testing for the Lunatic Fringe: The Care and Feeding of Restless {I/O} Power Users},
  Author                   = {Richard Hedges and Bill Loewe and Tyce McLarty and Chris Morrone},
  Journal                  = {IEEE/NASA Goddard Conference on Mass Storage Systems and Technologies (MSST '05)},
  Year                     = {2005},
  OPTPages                    = {3-17},

  Address                  = {Los Alamitos, CA, USA},
  Doi                      = {10.1109/MSST.2005.22},
  ISBN                     = {0-7695-2318-8},
  Publisher                = {IEEE Computer Society}
}

@InProceedings{hereld2011toward,
  Title                    = {Toward Simulation-Time Data Analysis and {I/O} Acceleration on Leadership-Class Systems},
  Author                   = {Mark Hereld and Michael E. Papka and V. Vishwanath},
  Booktitle                = {Proceeding of the IEEE Symposium on Large-Scale Data Analysis and Visualization (LDAV '11)},
  Year                     = {2011},

  Address                  = {Providence, RI},
  Month                    = {10/2011}
}

@Article{hoisie2009extreme,
  Title                    = {Extreme-Scale Computing - Where 'Just More of the Same' Does Not Work},
  Author                   = {Hoisie, Adolfy and Getov, Vladimir},
  Journal                  = {Computer},
  Year                     = {2009},

  Month                    = nov,
  Number                   = {11},
  Pages                    = {24--26},
  Volume                   = {42},

  Doi                      = {10.1109/MC.2009.354},
  ISSN                     = {0018-9162}
}

@InProceedings{howison2010tuning,
  Title                    = {Tuning {HDF5} for Lustre File Systems},
  Author                   = {Howison, M. and Koziol, Q. and Knaak, D. and Mainzer, J. and Shalf, J.},
  Booktitle                = {Proceedings of the Workshop on Interfaces and Abstractions for Scientific Data Storage (IASDS '10)},
  Year                     = {2010}
}

@Misc{darpa2012extremtech,
  Title                    = {{DARPA} Summons Researchers to Reinvent Computing},

  Author                   = {Joel Hruska},
  HowPublished             = {\url{http://www.extremetech.com/computing/116081-darpa-summons-researchers-to-reinvent-computing}, viewed on June 2014},
  Year                     = {2012},

  Journal                  = {Extrem Tech},
  Number                   = {January 30}
}

@Misc{grid5000,
  Title                    = {{Grid'5000}},
  HowPublished             = {\url{http://www.grid5000.fr}},
  Author                   = {{INRIA}},
  Year = {2015}
}

@Article{isaila2010design,
  Title                    = {Design and Evaluation of Multiple Level Data Staging for {Blue Gene} Systems},
  Author                   = {Florin Isaila and Javier Garcia Blas and Jesus Carretero and Robert Latham and Robert Ross},
  Journal                  = {IEEE Transactions on Parallel and Distributed Systems (TPDS)},
  Year                     = {2010},

  Address                  = {Los Alamitos, CA, USA},
  Doi                      = {10.1109/TPDS.2010.127},
  ISSN                     = {1045-9219},
  Publisher                = {IEEE Computer Society}
}

@Article{isaila2014making,
  Title                    = {Making the Case for Reforming the {I/O} Software Stack of Extreme-Scale Systems},
  Author                   = {F. Isaila and J. Garcia and J. Carretero and Robert B. Ross and D. Kimpe},
  Journal                  = {Preprint ANL/MCS-P5103-0314, Argonne National Laboratory},
  Year                     = {2014}
}

@Article{johnson1999interactive,
  Title                    = {Interactive Simulation and Visualization},
  Author                   = {Johnson, C. and Parker, S.G. and Hansen, C. and Kindlmann, G.L. and Livnat, Y.},
  Journal                  = {Computer},
  Year                     = {1999},
  Number                   = {12},
  Pages                    = {59--65},
  Volume                   = {32},

  Publisher                = {IEEE}
}

@Misc{catalyst,
  Title                    = {First-of-a-kind supercomputer at Lawrence Livermore available for collaborative research},

  Author                   = {Donald B Johnston},
  HowPublished             = {\url{https://www.llnl.gov/news/newsreleases/2014/May/NR-14-05-02.html}},
  Year                     = {2014},

  Journal                  = {LLNL},
  Number                   = {May 6},
  Type                     = {News Release}
}

@InProceedings{kamil2008power,
  Title                    = {Power Efficiency in High Performance Computing},
  Author                   = {Kamil, Shoaib and Shalf, John and Strohmaier, Erich},
  Booktitle                = {Proceedings of the IEEE International Symposium on Parallel and Distributed Processing, (IPDPS '08)},
  Year                     = {2008},
  Organization             = {IEEE},
  OPTPages                    = {1--8}
}

@InProceedings{kappiah2005just,
  Title                    = {Just In Time Dynamic Voltage Scaling: Exploiting Inter-Node Slack to Save Energy in {MPI} Programs},
  Author                   = {Kappiah, Nandini and Freeh, Vincent W and Lowenthal, David K},
  Booktitle                = {Proceedings of the 2005 ACM/IEEE International Conference on High Performance Computing, Networking, Storage and Analysis (SC '05)},
  Year                     = {2005},
  Organization             = {IEEE Computer Society},
  OPTPages                    = {33}
}

@InProceedings{karakoyunlu2012techniques,
  Title                    = {Techniques for an Energy Aware Parallel File System},
  Author                   = {Karakoyunlu, C. and Chandy, J.A.},
  Booktitle                = {Proceedings of the International Green Computing Conference (IGCC '12)},
  Year                     = {2012},
  Month                    = jun,
  OPTPages                    = {1-5},

  Doi                      = {10.1109/IGCC.2012.6322247}
}

@Article{kieffer2000grammar,
  Title                    = {Grammar-Based Codes: A New Class of Universal Lossless Source Codes},
  Author                   = {Kieffer, J.C. and En-hui Yang},
  Journal                  = {IEEE Transactions on Information Theory},
  Year                     = {2000},

  Month                    = may,
  Number                   = {3},
  Pages                    = {737--754},
  Volume                   = {46},

  Doi                      = {10.1109/18.841160},
  ISSN                     = {0018-9448}
}

@Misc{paraview,
  Title                    = {{ParaView}},
  HowPublished             = {\url{http://www.paraview.org/}},
  Author                   = {{KitWare}},
  Year = {2015}
}

@InProceedings{kroeger1999case,
  Title                    = {The Case for Efficient File Access Pattern Modeling},
  Author                   = {Kroeger, T.M. and Long, D.D.E.},
  Booktitle                = {Proceedings of the Seventh Workshop on Hot Topics in Operating Systems (HotOS '99)},
  Year                     = {1999},
  Pages                    = {14--19},

  Doi                      = {10.1109/HOTOS.1999.798371}
}

@Misc{scientificamerican,
  Title                    = {Supercomputers Can Save {U.S.} Manufacturing},

  Author                   = {Donald Q. Lamb},
  HowPublished             = {{\url{http://www.scientificamerican.com/article/big-computers-for-little/}, viewed on May 2014}},
  Month                    = mar,
  Year                     = {2012},

  Journal                  = {Scientific American}
}

@InProceedings{lang2009performance,
  Title                    = {{I/O} Performance Challenges at Leadership Scale},
  Author                   = {Lang, Samuel and Carns, Philip and Latham, Robert and Ross, Robert and Harms, Kevin and Allcock, William},
  Booktitle                = {Proceedings of the ACM/IEEE International Conference on High Performance Computing, Networking, Storage and Analysis (SC '09)},
  Year                     = {2009},

  Address                  = {New York, NY, USA},
  OPTPages                    = {1--12},
  Publisher                = {ACM},

  Acmid                    = {1654100},
  Articleno                = {40},
  Doi                      = {10.1145/1654059.1654100},
  ISBN                     = {978-1-60558-744-8},
  Location                 = {Portland, Oregon, USA}
}

@InProceedings{laros2012energy,
  Title                    = {Energy Based Performance Tuning for Large Scale High Performance Computing Systems},
  Author                   = {Laros,III, James H. and Pedretti, Kevin T. and Kelly, Suzanne M. and Shu, Wei and Vaughan, Courtenay T.},
  Booktitle                = {Proceedings of the 2012 Symposium on High Performance Computing (HPC '12)},
  Year                     = {2012},

  Address                  = {San Diego, CA, USA},
  OPTPages                    = {1--10},
  Publisher                = {Society for Computer Simulation International},

  Acmid                    = {2338822},
  Articleno                = {6},
  ISBN                     = {978-1-61839-788-1},
  Location                 = {Orlando, Florida, USA},
  Numpages                 = {10},
  Url                      = {http://dl.acm.org/citation.cfm?id=2338816.2338822}
}

@InProceedings{lebre2006ioscheduling,
  Title                    = {{I/O} Scheduling Service for Multi-Application Clusters},
  Author                   = {Adrien Lebre and Guillaume Huard and Yves Denneulin and Przemyslaw Sowa},
  Booktitle                = {Proceedings of the IEEE International Conference on Cluster Computing and Workshops (CLUSTER '06)},
  Year                     = {2006},
  Month                    = sep,
  OPTPages                    = {1--8}
}

@InProceedings{li2007new,
  Title                    = {A New Method of Prefetching {I/O} Requests},
  Author                   = {Huai-Yang Li and Chang Shen Xie and Yan Liu},
  Booktitle                = {Proceedings of the International Conference on Networking, Architecture, and Storage, (NAS '07)},
  Year                     = {2007},
  Month                    = jul,
  Pages                    = {217--224},

  Doi                      = {10.1109/NAS.2007.3}
}

@InProceedings{li2006parallel,
  Title                    = {Parallel {netCDF}: A High-Performance Scientific I/O Interface},
  Author                   = {Li, J. and Liao, W. and Choudhary, A. and Ross, R. and Thakur, R. and Gropp, W. and Latham, R. and Siegel, A. and Gallagher, B. and Zingale, M.},
  Year                     = {2003},
  Organization             = {IEEE},
  OPTPages                    = {39},

  ISBN                     = {1581136951},
  Booktitle                = {Proceedings of the ACM/IEEE International Conference on High Performance Computing, Networking, Storage and Analysis (SC '03)}
}

@InProceedings{li2010functional,
  Title                    = {Functional Partitioning to Optimize End-to-End Performance on Many-Core Architectures},
  Author                   = {Li, M. and Vazhkudai, S.S. and Butt, A.R. and Meng, F. and Ma, X. and Kim, Y. and Engelmann, C. and Shipman, G.},
  Booktitle                = {Proceedings of the 2010 ACM/IEEE International Conference for High Performance Computing, Networking, Storage and Analysis (SC '10)},
  Year                     = {2010},
  Organization             = {IEEE Computer Society},
  OPTPages                    = {1--12}
}

@InProceedings{lim2006adaptive,
  Title                    = {Adaptive, Transparent Frequency and Voltage Scaling of Communication Phases in {MPI} Programs},
  Author                   = {Lim, Min Yeol and Freeh, Vincent W and Lowenthal, David K},
  Booktitle                = {Proceedings of the 2010 ACM/IEEE International Conference for High Performance Computing, Networking, Storage and Analysis (SC '06)},
  Year                     = {2006},
  Organization             = {IEEE},
  OPTPages                    = {14--14}
}

@InProceedings{liu2012role,
  Title                    = {On the Role of Burst Buffers in Leadership-Class Storage Systems},
  Author                   = {Liu, Ning and Cope, Jason and Carns, Philip and Carothers, Christopher and Ross, Robert and Grider, Gary and Crume, Adam and Maltzahn, Carlos},
  Booktitle                = {Proceedings of the 28th IEEE Symposium on Mass Storage Systems and Technologies (MSST '12)},
  Year                     = {2012},
  Organization             = {IEEE},
  OPTPages                    = {1--11}
}

@InProceedings{liu2014automatic,
  Title                    = {Automatic Identification of Application {I/O} Signatures from Noisy Server-side Traces},
  Author                   = {Liu, Yang and Gunasekaran, Raghul and Ma, Xiaosong and Vazhkudai, Sudharshan S.},
  Booktitle                = {Proceedings of the 12th USENIX Conference on File and Storage Technologies (FAST '14)},
  Year                     = {2014},

  Address                  = {Berkeley, CA, USA},
  Pages                    = {213--228},
  Publisher                = {USENIX Association},
  
  Acmid                    = {2591326},
  ISBN                     = {978-1-931971-08-9},
  Location                 = {Santa Clara, CA},
  Numpages                 = {16}
}

@Misc{visit,
  Title                    = {{VisIt, Lawrence Livermore National Laboratory}},
  HowPublished             = {\url{https://wci.llnl.gov/simulation/computer-codes/visit}},
  Author                   = {{LLNL}},
  Year = {2015}
}

@Book{gettingdataintovisit,
  Title                    = {Getting Data Into VisIt, \url{https://wci.llnl.gov/codes/visit/manuals.html}},
  Author                   = {{LLNL}},
  Year                     = {2006}
}

@InProceedings{lofstead2010managing,
  Title                    = {Managing Variability in the {IO} Performance of Petascale Storage Systems},
  Author                   = {Lofstead, Jay and Zheng, Fang and Liu, Qing and Klasky, Scott and Oldfield, Ron and Kordenbrock, Todd and Schwan, Karsten and Wolf, Matthew},
  Booktitle                = {Proceedings of the 2010 ACM/IEEE International Conference for High Performance Computing, Networking, Storage and Analysis (SC '10)},
  Year                     = {2010},

  Address                  = {Washington, DC, USA},
  OPTPages                    = {1--12},
  Publisher                = {IEEE Computer Society},

  Acmid                    = {1884679},
  Doi                      = {10.1109/SC.2010.32},
  ISBN                     = {978-1-4244-7559-9},
  Numpages                 = {12}
}

@InProceedings{lofstead2008flexible,
  Title                    = {Flexible {IO} and integration for scientific codes through the adaptable {IO} system {(ADIOS)}},
  Author                   = {Lofstead, Jay F. and Klasky, Scott and Schwan, Karsten and Podhorszki, Norbert and Jin, Chen},
  Booktitle                = {Proceedings of the 6th international workshop on Challenges of large applications in distributed environments},
  Year                     = {2008},

  Address                  = {New York, NY, USA},
  OPTPages                    = {15--24},
  Publisher                = {ACM},
  Series                   = {CLADE '08},

  Acmid                    = {1383533},
  Doi                      = {10.1145/1383529.1383533},
  ISBN                     = {978-1-60558-156-9},
  Location                 = {Boston, MA, USA}
}

@Article{ma2009insitu,
  Title                    = {In Situ Visualization at Extreme Scale: Challenges and Opportunities},
  Author                   = {Kwan-Liu Ma},
  Journal                  = {IEEE Computer Graphics and Applications},
  Year                     = {2009},

  Month                    = {Nov.-Dec.},
  Number                   = {6},
  Pages                    = {14--19},
  Volume                   = {29},

  Doi                      = {10.1109/MCG.2009.120},
  ISSN                     = {0272-1716}
}

@Article{ma2007insitu,
  Title                    = {In-situ Processing and Visualization for Ultrascale Simulations},
  Author                   = {Kwan-Liu Ma and Chaoli Wang and Hongfeng Yu and Anna Tikhonova},
  Journal                  = {Journal of Physics: Conference Series},
  Year                     = {2007},
  Number                   = {1},
  Volume                   = {78},

  Url                      = {http://stacks.iop.org/1742-6596/78/i=1/a=012043}
}

@Article{ma2006highlevel,
  Title                    = {High-Level Buffering for Hiding Periodic Output Cost in Scientific Simulations},
  Author                   = {Xiaosong Ma and Jonghyun Lee and Marianne Winslett},
  Journal                  = {IEEE Transactions on Parallel and Distributed Systems (TPDS)},
  Year                     = {2006},
  Pages                    = {193--204},
  Volume                   = {17},

  Address                  = {Los Alamitos, CA, USA},
  Doi                      = {10.1109/TPDS.2006.36},
  ISSN                     = {1045-9219},
  Publisher                = {IEEE Computer Society}
}

@Article{madhyastha2002learning,
  Title                    = {Learning to Classify Parallel Input/Output Access Patterns},
  Author                   = {Madhyastha, T.M. and Reed, D.A.},
  Journal                  = {IEEE Transactions on Parallel and Distributed Systems (TPDS)},
  Year                     = {2002},

  Month                    = {Aug.},
  Number                   = {8},
  Pages                    = {802-813},
  Volume                   = {13},

  Doi                      = {10.1109/TPDS.2002.1028437},
  ISSN                     = {1045-9219}
}

@InProceedings{malakar2010adaptive,
  Title                    = {An Adaptive Framework for Simulation and Online Remote Visualization of Critical Climate Applications in Resource-constrained Environments},
  Author                   = {Malakar, Preeti and Natarajan, Vijay and Vadhiyar, Sathish S.},
  Booktitle                = {Proceedings of the 2010 ACM/IEEE International Conference for High Performance Computing, Networking, Storage and Analysis (SC '10)},
  Year                     = {2010},

  Address                  = {Washington, DC, USA},
  OPTPages                    = {1--11},
  Publisher                = {IEEE Computer Society},

  Acmid                    = {1884673},
  Doi                      = {10.1109/SC.2010.10},
  ISBN                     = {978-1-4244-7559-9},
  Numpages                 = {11},
}

@Misc{matplotlib,
  Title                    = {MatplotLib},
  HowPublished             = {\url{http://matplotlib.org/}},
  Author                   = {}
}

@InProceedings{moody2010design,
  Title                    = {Design, Modeling, and Evaluation of a Scalable Multi-Level Checkpointing System},
  Author                   = {Adam Moody and Greg Bronevetsky and Kathryn Mohror and Bronis R. de Supinski},
  Booktitle                = {Proceedings of the 2010 ACM/IEEE International Conference for High Performance Computing, Networking, Storage and Analysis (SC '10)},
  Year                     = {2010},
  OPTPages                    = {1--11},

  Address                  = {Los Alamitos, CA, USA},
  Doi                      = {10.1109/SC.2010.18},
  ISBN                     = {978-1-4244-7559-9},
  Publisher                = {IEEE Computer Society}
}

@Article{moore2008multicore,
  Title                    = {Multicore is Bad News for Supercomputers},
  Author                   = {Moore, S.K.},
  Journal                  = {IEEE Spectrum},
  Year                     = {2008},
  Number                   = {11},
  OPTPages                 = {15},
  Volume                   = {45},

  ISSN                     = {0018-9235},
  Publisher                = {IEEE}
}

@InProceedings{moreland2011examples,
  Title                    = {Examples of In Transit Visualization},
  Author                   = {Moreland, K. and Oldfield, R. and Marion, P. and Jourdain, S. and Podhorszki, N. and Vishwanath, V. and Fabian, N. and Docan, C. and Parashar, M. and Hereld, M. and others},
  Booktitle                = {Proceedings of the 2nd International Workshop on Petascale Data Analytics: Challenges and Opportunities (PDAC '11)},
  Year                     = {2011},
  Organization             = {ACM},
  OPTPages                 = {1--6}
}

@Misc{mpi-standard,
  Title                    = {{MPI} Standard, {MPI} Forum},
  HowPublished             = {\url{http://www.mpi-forum.org/}},
  Author                   = {}
}

@Misc{mpich,
  Title                    = {Mpich},
  HowPublished             = {\url{http://www.mpich.org}},
  Author                   = {{ANL}},
  Year = {2015}
}

@InProceedings{nathuji2010qclouds,
  Title                    = {Q-clouds: Managing Performance Interference Effects for {QoS-Aware} Clouds},
  Author                   = {Nathuji, Ripal and Kansal, Aman and Ghaffarkhah, Alireza},
  Booktitle                = {Proceeding of ACM European Conference on Computer Systems (EuroSys '10)},
  Year                     = {2010},
  Month                    = apr,
  Pages                    = {237--250}
}

@Misc{bluewaters,
  Title                    = {Blue Waters supercomputer, National Center for Supercomputing Applications},
  HowPublished             = {\url{http://www.ncsa.illinois.edu/BlueWaters/}},
  Author                   = {{NCSA}},
  Year = {2015}
}

@Misc{hdf5,
  Title                    = {{Hierarchical Data Format}},
  HowPublished             = {\url{http://www.hdfgroup.org/HDF5/}},
  Author                   = {HDF5},
  Year = {2015}
}

@PhdThesis{nevill1996inferring,
  Title                    = {{Inferring Sequential Structure}},
  Author                   = {Nevill-Manning, Craig G},
  Year                     = {1996}
}

@Article{nevillmanning1997identifying,
  Title                    = {Identifying Hierarchical Structure in Sequences: A Linear-Time Algorithm},
  Author                   = {Nevill-Manning, Craig G. and Witten, Ian H.},
  Journal                  = {Journal of Artificial Intelligence Research},
  Year                     = {1997},

  Month                    = sep,
  Number                   = {1},
  Pages                    = {67--82},
  Volume                   = {7},

  Acmid                    = {1622780},
  Address                  = {USA},
  ISSN                     = {1076-9757},
  Issue_date               = {July 1997},
  Numpages                 = {16},
  Publisher                = {AI Access Foundation}
}

@Misc{iotips,
  Title                    = {Lustre {I/O} Tips},
  HowPublished             = {\url{http://www.nics.tennessee.edu/io-tips}},
  Author                   = {{NICS}}
}

@Misc{kraken,
  Title                    = {{Kraken} supercomputer, National Institute for Computational Sciences},
  HowPublished             = {\url{http://www.nics.tennessee.edu/computing-resources/kraken}},
  Author                   = {NICS},
  Year = {2015}
}

@Misc{nautilus,
  Title                    = {{Nautilus} supercomputer, National Institute for Computational Sciences},
  HowPublished             = {\url{http://www.nics.tennessee.edu/computing-resources/nautilus}},

  Author                   = {NICS}
}

@Misc{nics2012application,
  Title                    = {Application Performance Variability on Hopper},

  Author                   = {NERSC},
  HowPublished             = {\url{http://www.nersc.gov/users/computational-systems/hopper/performance-and-optimization/application-performance-variability-on-hopper/}},
  Month                    = feb,
  Year                     = {2012}
}

@InProceedings{nisar2009scaling,
  Title                    = {Scaling Parallel {I/O} Performance Through {I/O} Delegate and Caching System},
  Author                   = {Nisar, A. and Wei-keng Liao and Choudhary, A.},
  Booktitle                = {Proceedings of the ACM/IEEE International Conference for High Performance Computing, Networking, Storage and Analysis (SC '08)},
  Year                     = {2008},

  Doi                      = {10.1109/SC.2008.5214358}
}

@InCollection{enzo,
  Title                    = {Introducing Enzo, an {AMR} Cosmology Application},
  Author                   = {O'shea, Brian and Bryan, Greg and Bordner, James and Norman, Michael and Abel, Tom and Harkness, Robert and Kritsuk, Alexei},
  Booktitle                = {Adaptive Mesh Refinement - Theory and Applications},
  Year                     = {2005},
  OPTPages                    = {341-349},
  Series                   = {Lecture Notes in Computational Science and Engineering},
  Volume                   = {41},

  ISBN                     = {978-3-540-27039-3}
}

@InProceedings{ohta2009improving,
  Title                    = {Improving Parallel Write by Node-Level Request Scheduling},
  Author                   = {Kazuki Ohta and Hiroya Matsuba and Yutaka Ishikawa},
  Year                     = {2009},

  Address                  = {Los Alamitos, CA, USA},
  Pages                    = {196--203},
  Publisher                = {IEEE Computer Society},

  Doi                      = {10.1109/CCGRID.2009.71},
  ISBN                     = {978-0-7695-3622-4},
  Booktitle                = {Proceedings of the IEEE International Symposium on Cluster Computing and the Grid (CCGrid '09)}
}

@InProceedings{oly2002markov,
  Title                    = {{Markov Model Prediction of I/O Requests for Scientific Applications}},
  Author                   = {Oly, James and Reed, Daniel A},
  Booktitle                = {Proceedings of the 16th ACM/IEEE International Conference on High Performance Computing, Networking, Storage and Analysis (SC '02)},
  Year                     = {2002},
  Organization             = {ACM},
  Pages                    = {147--155}
}

@Misc{openmp,
  Title                    = {{OpenMP}},
  HowPublished             = {\url{http://openmp.org/}},

  Author                   = {}
}

@Article{orgerie2014survey,
  Title                    = {A Survey on Techniques for Improving the Energy Efficiency of Large-Scale Distributed Systems},
  Author                   = {Orgerie, Anne-Cecile and Assuncao, Marcos Dias de and Lefevre, Laurent},
  Journal                  = {ACM Computing Surveys (CSUR)},
  Year                     = {2014},
  Number                   = {4},
  Pages                    = {47},
  Volume                   = {46},

  Publisher                = {ACM}
}

@Misc{adios,
  Title                    = {{ADIOS, Oak Ridge National Laboratory (ORNL)}},
  HowPublished             = {\url{https://www.olcf.ornl.gov/center-projects/adios/}},

  Author                   = {}
}

@Misc{titan,
  Title                    = {{Titan} supercomputer, Oak Ridge National Laboratory (ORNL)},
  HowPublished             = {\url{https://www.olcf.ornl.gov/titan/}},
  Author                   = {}
}

@InProceedings{ouyang2009fast,
  Title                    = {Fast Checkpointing by Write Aggregation with Dynamic Buffer and Interleaving on Multicore Architecture},
  Author                   = {Xiangyong Ouyang and Gopalakrishnan, K. and Gangadharappa, T. and Panda, D.K.},
  Booktitle                = {Proceedings of the IEEE International Conference on High Performance Computing (HiPC '09)},
  Year                     = {2009},
  Month                    = dec,
  Pages                    = {99--108}
}

@Misc{nek5000,
  Title                    = {{Nek5000} {W}eb page \url{http://nek5000.mcs.anl.gov}},

  Author                   = {P. F. Fischer, James W. Lottes and Stefan G. Kerkemeier},
  Year                     = {2008}
}

@Misc{byfl,
  Title                    = {Byfl: Compiler-based Application Analysis},

  Author                   = {Pakin, S. and McCormick, P.},
  HowPublished             = {\url{https://github.com/losalamos/Byfl}},
  Year                     = {2013}
}

@Misc{parallel-archive,
  Title                    = {Parallel Workload Archive},
  HowPublished             = {{\url{http://www.cs.huji.ac.il/labs/parallel/workload/}}},

  Author                   = {}
}

@InProceedings{patel2003energy,
  Title                    = {Energy Aware Grid: Global Workload Placement Based on Energy Efficiency},
  Author                   = {Patel, Chandrakant and Sharma, Ratnesh and Bash, Cullen and Graupner, Sven},
  Booktitle                = {Proceedings of the International Mechanical Engineering Congress and Exposition (ASME '03)},
  Year                     = {2003},
  Organization             = {American Society of Mechanical Engineers},
  Pages                    = {267--275}
}

@Article{patrick2008comparative,
  Title                    = {Comparative Evaluation of Overlap Strategies with Study of {I/O} Overlap in {MPI-IO}},
  Author                   = {Patrick, Christina M. and Son, Seung Woo and Kandemir, Mahmut},
  Journal                  = {Operating Systems Review (SIGOPS)},
  Year                     = {2008},

  Month                    = oct,
  Pages                    = {43--49},
  Volume                   = {42},

  Acmid                    = {1453784},
  Address                  = {New York, NY, USA},
  Doi                      = {10.1145/1453775.1453784},
  ISSN                     = {0163-5980},
  Issue                    = {6},
  Publisher                = {ACM}
}

@InProceedings{pepeljugoski2010optical,
  Title                    = {Low Power and High Density Optical Interconnects for Future Supercomputers},
  Author                   = {Pepeljugoski, P. and Kash, J. and Doany, F. and Kuchta, D. and Schares, L. and Schow, C. and Taubenblatt, M. and Offrein, B.J. and Benner, A.},
  Booktitle                = {Proceedings of the Optical Fiber Communication (OFC), collocated  with the Fiber Optic Engineers Conference, (OFC/NFOEC '10)},
  Year                     = {2010},
  Month                    = mar,
  OPTPages                 = {1--3}
}

@Misc{gtc,
  Title                    = {{GTC version 1, Plasma Theory Group, UCIrvine}},
  HowPublished             = {\url{http://phoenix.ps.uci.edu/GTC/}},

  Author                   = {}
}

@Article{plimpton1995fast,
  Title                    = {Fast Parallel Algorithms for Short-Range Molecular Dynamics},
  Author                   = {Steve Plimpton},
  Journal                  = {Journal of Computational Physics},
  Year                     = {1995},
  Number                   = {1},
  OPTPages                    = {1--19},
  Volume                   = {117},

  Doi                      = {10.1006/jcph.1995.1039},
  ISSN                     = {0021-9991}
}

@Article{pourreza2007programming,
  Title                    = {On the Programming Impact of Multi-Core, Multi-Processor Nodes in {MPI} Clusters},
  Author                   = {Hossein Pourreza and Peter Graham},
  Journal                  = {International Symposium on High Performance Computing Systems and Applications (HPCS '07)},
  Year                     = {2007},

  Address                  = {Los Alamitos, CA, USA},
  Doi                      = {10.1109/HPCS.2007.23},
  ISBN                     = {0-7695-2813-9},
  Publisher                = {IEEE Computer Society}
}

@InProceedings{prabhakar2011provisioning,
  Title                    = {Provisioning a Multi-tiered Data Staging Area for Extreme-Scale Machines},
  Author                   = {Prabhakar, R. and Vazhkudai, S.S. and Kim, Y. and Butt, A.R. and Li, M. and Kandemir, M.},
  Booktitle                = {Proceedings of the 31st International Conference on Distributed Computing Systems (ICDCS '11)},
  Year                     = {2011},
  Month                    = may,
  OPTPages                    = {1--12},
  Doi                      = {10.1109/ICDCS.2011.33}
}

@InProceedings{prost2006mpi,
  Title                    = {{MPI-IO/GPFS} an Optimized Implementation of {MPI-IO} on Top of {GPFS}},
  Author                   = {Jean-Pierre Prost and Richard Treumann and Richard Hedges and Bin Jia and Alice Koniges},
  Year                     = {2001},
  Booktitle                = {Proceedings of the ACM/IEEE International Conference on High Performance Computing, Networking, Storage and Analysis (SC '01)},

  Address                  = {Los Alamitos, CA, USA},
  OPTPages                    = {58},
  Publisher                = {IEEE Computer Society},

  Doi                      = {10.1145/582034.582051},
  ISBN                     = {1-58113-293-X},
}

@InProceedings{pu2010understanding,
  Title                    = {Understanding Performance Interference of {I/O} Workload in Virtualized Cloud Environments},
  Author                   = {Xing Pu and Ling Liu and Yiduo Mei and Sivathanu, S. and Younggyun Koh and Pu, C.},
  Booktitle                = {Proceedings of the IEEE International Conference on Cloud Computing (Cloud '10)},
  Year                     = {2010},
  Month                    = jul,
  Pages                    = {51--58},

  Doi                      = {10.1109/CLOUD.2010.65}
}

@Misc{python-c,
  HowPublished                    = {{\url{http://docs.python.org/2/c-api/}}},

  Title                   = {{Python/C API}},
  Author = {}
}

@Article{quian2009network,
  Title                    = {A Novel Network Request Scheduler for a Large Scale Storage System},
  Author                   = {Qian, Yingjin and Barton, Eric and Wang, Tom and Puntambekar, Nirant and Dilger, Andreas},
  Journal                  = {Computer Science - Research and Development},
  Year                     = {2009},
  Pages                    = {143--148},
  Volume                   = {23},

  Doi                      = {10.1007/s00450-009-0073-9},
  ISSN                     = {1865-2034},
  Issue                    = {3-4},
  Language                 = {English}
}

@Conference{rasquin2011electronic,
  Title                    = {Electronic Poster: Co-Visualization of Full Data and In Situ Data Extracts from Unstructured Grid {CFD} at 160k Cores},
  Author                   = {Rasquin, Michel and Marion, Patrick and Vishwanath, Venkatram and Matthews, Benjamin and Hereld, Mark and Jansen, Kenneth and Loy, Raymond and Bauer, Andrew and Zhou, Min and Sahni, Onkar and others},
  Booktitle                = {ACM/IEEE SC Companion},
  Year                     = {2011},
  Organization             = {ACM},
  Pages                    = {103--104}
}

@Article{rivi2011insitu,
  Title                    = {In-Situ Visualization: State-of-the-Art and Some Use Cases},
  Author                   = {Rivi, Marzia and Calori, Luigi and Muscianisi, Giuseppa and Slavnic, Vladimir},
  Journal                  = {PRACE White Paper (2012), \url{http://www.prace-ri.eu/Visualisation}},
  Year                     = {2011}
}

@Misc{theguardian,
  Title                    = {Universe Recreated in Massive Computer Simulation},

  Author                   = {Ian Sample},
  HowPublished             = {\url{http://www.theguardian.com/science/2014/may/07/universe-recreated-computer-simulation-model-big-bang}, viewed on May 2014},
  Year                     = {2014},

  Journal                  = {The Guardian},
  Number                   = {May 7},
  Type                     = {News Article}
}

@Conference{sancho2007quantifying,
  Title                    = {Quantifying the Potential Benefit of Overlapping Communication and Computation in Large-Scale Scientific Applications},
  Author                   = {Jose Carlos Sancho and Kevin J. Barker and Darren J. Kerbyson and Kei Davis},
  Booktitle                = {Proceedings of the ACM/IEEE International Conference on High Performance Computing, Networking, Storage and Analysis (SC '06)},
  Year                     = {2006},
  Pages                    = {17},

  Doi                      = {10.1109/SC.2006.51}
}

@Misc{lammps,
  Title                    = {{LAMMPS, Sandia National Laboratory}},
  HowPublished = {\url{http://lammps.sandia.gov/}},

  Author                   = {}
}

@Misc{coplien95reactor,
  Title                    = {Reactor - An Object Behavioral Pattern for Demultiplexing and Dispatching Handles for Synchronous Events},

  Author                   = {Douglas C. Schmidt},
  Year                     = {1995}
}

@InProceedings{schmuck2002gpfs,
  Title                    = {{GPFS A Shared-Disk File System for Large Computing Clusters}},
  Author                   = {Schmuck, F. and Haskin, R.},
  Booktitle                = {Proceedings of the First USENIX Conference on File and Storage Technologies (FAST '02)},
  Year                     = {2002},
}

@Article{schroeder2000visualizing,
  Title                    = {Visualizing with {VTK}: a Tutorial},
  Author                   = {Schroeder, W.J. and Avila, L.S. and Hoffman, W.},
  Journal                  = {IEEE Computer Graphics and Applications},
  Year                     = {2000},

  Month                    = {Sep.,Oct.},
  Number                   = {5},
  Pages                    = {20--27},
  Volume                   = {20},

  Doi                      = {10.1109/38.865875},
  ISSN                     = {0272-1716}
}

@InProceedings{shalev2010isostack,
  Title                    = {{IsoStack}: Highly Efficient Network Processing on Dedicated Cores},
  Author                   = {Shalev, Leah and Satran, Julian and Borovik, Eran and Ben-Yehuda, Muli},
  Booktitle                = {Proceedings of the 2010 USENIX conference on USENIX annual technical conference (USENIXATC '10)},
  Year                     = {2010},

  Address                  = {Berkeley, CA, USA},
  Pages                    = {5},
  Publisher                = {USENIX Association},

  Acmid                    = {1855845},
  Location                 = {Boston, MA}
}

@InProceedings{shan2007using,
  Title                    = {Using {IOR} to Analyze the {I/O} Performance for {HPC} Platforms},
  Author                   = {Shan, H. and Shalf, J.},
  Booktitle                = {Proceedings of the Cray User Group Conference (CUG '07)},
  Year                     = {2007},

  Address                  = {Seattle, Washington, USA}
}

@InProceedings{skinner2005understanding,
  Title                    = {Understanding the Causes of Performance Variability in {HPC} Workloads},
  Author                   = {D. Skinner and W. Kramer},
  Booktitle                = {Proceedings of the IEEE Workload Characterization Symposium (IISWC '05)},
  Year                     = {2005},
  Pages                    = {137--149},
  Publisher                = {IEEE Computer Society},

  Doi                      = {10.1109/IISWC.2005.1526010},
  ISBN                     = {0-7803-9461-5}
}

@Article{snowdon2005power,
  Title                    = {Power Management and Dynamic Voltage Scaling: Myths and Facts},
  Author                   = {Snowdon, David C and Ruocco, Sergio and Heiser, Gernot},
  Year                     = {2005}
}

@InProceedings{son2005exposing,
  Title                    = {Exposing Disk Layout to Compiler for Reducing Energy Consumption of Parallel Disk Based Systems},
  Author                   = {Son, Seung Woo and Chen, Guangyu and Kandemir, M and Choudhary, A},
  Booktitle                = {Proceedings of the tenth ACM/SIGPLAN Symposium on Principles and Practice of Parallel Programming (PPoPP '05)},
  Year                     = {2005},
  Organization             = {ACM},
  Pages                    = {174--185}
}

@InProceedings{song2011server,
  Title                    = {Server-Side {I/O} Coordination for Parallel File Systems},
  Author                   = {Song, Huaiming and Yin, Yanlong and Sun, Xian-He and Thakur, Rajeev and Lang, Samuel},
  Booktitle                = {Proceedings of the ACM/IEEE International Conference on High Performance Computing, Networking, Storage and Analysis (SC '11)},
  Year                     = {2011},
  Month                    = nov,
  OPTPages                    = {1--11}
}

@Article{song2009energy,
  Title                    = {Energy Profiling and Analysis of the HPC Challenge Benchmarks},
  Author                   = {Song, Shuaiwen and Ge, Rong and Feng, Xizhou and Cameron, Kirk W},
  Journal                  = {International Journal of High Performance Computing Applications (IJHPCA)},
  Year                     = {2009},

  Publisher                = {SAGE Publications}
}

@InProceedings{springer2006minimizing,
  Title                    = {Minimizing Execution Time in {MPI} Programs on an Energy-Constrained, Power-Scalable Cluster},
  Author                   = {Springer, Robert and Lowenthal, David K and Rountree, Barry and Freeh, Vincent W},
  Booktitle                = {Proceedings of the eleventh ACM SIGPLAN Symposium on Principles and Practice of Parallel Programming (PPoPP '06)},
  Year                     = {2006},
  Organization             = {ACM},
  Pages                    = {230--238}
}

@InProceedings{steele1998acpi,
  Title                    = {ACPI Thermal Sensing and Control in the PC},
  Author                   = {Steele, J.},
  Booktitle                = {Proceeding of Wescon/98},
  Year                     = {1998},
  Month                    = sep,
  Pages                    = {169-182},

  Doi                      = {10.1109/WESCON.1998.716441},
  ISSN                     = {1095-791X}
}

@Article{stockinger2005query,
  Title                    = {Query-Driven Visualization of Large Data Sets},
  Author                   = {Stockinger, K. and Shalf, J. and Wu, K. and Bethel, E.W.},
  Journal                  = {16th IEEE Visualization},
  Year                     = {2005},
  Pages                    = {22},

  ISBN                     = {0-7803-9462-3},
  Publisher                = {IEEE Computer Society}
}

@InProceedings{stone2006pdio,
  Title                    = {{PDIO}: High-Performance Remote File {I/O} for Portals Enabled Compute Nodes},
  Author                   = {N. T. B. Stone and D. Balog and B. Gill and B. Johanson and J. Marsteller and P. Nowoczynski and D. Porter and R. Reddy and J. R. Scott and D. Simmel and J. Sommerfield and K. Vargo and C. Vizino},
  Year                     = {2006},
  Booktitle                = {Proceedings of the International Conference on Parallel and Distributed Processing Techniques and Applications (PDPTA '06)},

  Url                      = {http://www.scientificcommons.org/43489982}
}

@Misc{green500,
  HowPublished                    = {{\url{http://www.green500.org/}}},

  Title                   = {Green500 List of Supercomputers},
  Author = {}
}

@Misc{top500,
  HowPublished                    = {{\url{http://www.top500.org/}}},

  Title                   = {Top500 List of Supercomputers},
  Year = {2015}
}

@Conference{tanimura2012poster,
  Title                    = {Poster: Reservation-Based {I/O} Performance Guarantee for {MPI-IO} Applications Using Shared Storage Systems},
  Author                   = {Tanimura, Yusuke and Filgueira, Rosa and Kojima, Isao and Atkinson, Malcolm},
  Booktitle                = {ACM/IEEE SC Companion},
  Year                     = {2012},
  Month                    = nov,
  Pages                    = {1384--1384}
}

@Article{thakur1999data,
  Title                    = {{Data Sieving and Collective I/O in ROMIO}},
  Author                   = {Rajeev Thakur and William Gropp and Ewing Lusk},
  Journal                  = {Symposium on the Frontiers of Massively Parallel Processing},
  Year                     = {1999},
  Pages                    = {182},

  Address                  = {Los Alamitos, CA, USA},
  Doi                      = {10.1109/FMPC.1999.750599},
  ISBN                     = {0-7695-0087-0},
  Publisher                = {IEEE Computer Society}
}

@InProceedings{thakur1999on,
  Title                    = {On Implementing {MPI-IO} Portably and with High Performance},
  Author                   = {Thakur, Rajeev and Gropp, William and Lusk, Ewing},
  Booktitle                = {Proceedings of the sixth Workshop on I/O in Parallel and Distributed Systems (IOPADS '99)},
  Year                     = {1999},
  Organization             = {ACM},
  Pages                    = {23--32}
}

@Misc{computerworld,
  Title                    = {Scientists, {IT} Community Await Exascale Computers},

  Author                   = {Patrick Thibodeau},
  HowPublished             = {{\url{http://www.computerworld.com/s/article/345800/Scientists_IT_Community_Await_Exascale_Computers}, viewed on May 2014}},
  Month                    = dec,
  Year                     = {2009},

  Journal                  = {Computer World}
}

@TechReport{thompson2009design,
  Title                    = {Design Issues for Performing In Situ Analysis of Simulation Data},
  Author                   = {Thompson, D. and Fabian, N.D. and Moreland, K.D. and Ice, L.G.},
  Institution              = {Technical Report SAND2009-2014, Sandia National Laboratories},
  Year                     = {2009}
}

@Article{tran2004automatic,
  Title                    = {Automatic {ARIMA} Time Series Modeling for Adaptive I/O Prefetching},
  Author                   = {Tran, Nancy and Reed, Daniel A.},
  Journal                  = {IEEE Transaction on Parallel and Distributed Systems (TPDS)},
  Year                     = {2004},

  Month                    = apr,
  Number                   = {4},
  Pages                    = {362--377},
  Volume                   = {15},

  Acmid                    = {972266},
  Address                  = {Piscataway, NJ, USA},
  Doi                      = {10.1109/TPDS.2004.1271185},
  ISSN                     = {1045-9219},
  Issue_date               = {April 2004},
  Numpages                 = {16},
  Publisher                = {IEEE Press}
}

@InProceedings{tu2006mesh,
  Title                    = {From Mesh Generation to Scientific Visualization: an End-to-End Approach to Parallel Supercomputing},
  Author                   = {Tu, Tiankai and Yu, Hongfeng and Ramirez-Guzman, Leonardo and Bielak, Jacobo and Ghattas, Omar and Ma, Kwan-Liu and O'Hallaron, David R.},
  Booktitle                = {Proceedings of the ACM/IEEE International Conference on High Performance Computing, Networking, Storage and Analysis (SC '06)},
  Year                     = {2006},

  Address                  = {New York, NY, USA},
  Publisher                = {ACM},
  
  Acmid                    = {1188551},
  Articleno                = {91},
  Doi                      = {10.1145/1188455.1188551},
  ISBN                     = {0-7695-2700-0},
  Location                 = {Tampa, Florida, USA},
}

@Article{yt,
  Title                    = {{yt}: A Multi-Code Analysis Toolkit for Astrophysical Simulation Data},
  Author                   = {Matthew J. Turk and Britton D. Smith and Jeffrey S. Oishi and Stephen Skory and Samuel W. Skillman and Tom Abel and Michael L. Norman},
  Journal                  = {The Astrophysical Journal Supplement Series},
  Year                     = {2011},
  Number                   = {1},
  OPTPages                    = {9},
  Volume                   = {192},

  Url                      = {http://stacks.iop.org/0067-0049/192/i=1/a=9}
}

@Misc{netcdf,
  Title                    = {{NetCDF}},
  HowPublished = {\url{http://www.unidata.ucar.edu/software/netcdf/}},
  Year = {2015},
  Author                   = {Unidata}
}

@InProceedings{uselton2010parallel,
  Title                    = {Parallel {I/O} Performance: From Events to Ensembles},
  Author                   = {Uselton, A. and Howison, M. and Wright, N.J. and Skinner, D. and Keen, N. and Shalf, J. and Karavanic, K.L. and Oliker, L.},
  Booktitle                = {Proceedings of the IEEE International Parallel and Distributed Processing Symposium (IPDPS '10)},
  Year                     = {2010},
  Month                    = apr,
  OPTPages                    = {1--11},

  Doi                      = {10.1109/IPDPS.2010.5470424},
  ISSN                     = {1530-2075}
}

@Article{vogelsberger2014properties,
  Title                    = {Properties of galaxies reproduced by a hydrodynamic simulation},
  Author                   = {M. Vogelsberger and S. Genel and V. Springel and P. Torrey and D. Sijacki and D. Xu and G. Snyder and S. Bird and D. Nelson and L. Hernquist},
  Journal                  = {Nature},
  Year                     = {2014},
  Number                   = {7499},
  Pages                    = {177-–182},

  Doi                      = {10.1038/nature13316},
  Url                      = {http://www.nature.com/nature/journal/v509/n7499/full/nature13316.html}
}

@InProceedings{wang2010towards,
  Title                    = {Towards Energy Aware Scheduling for Precedence Constrained Parallel Tasks in a Cluster with {DVFS}},
  Author                   = {Wang, Lizhe and Von Laszewski, Gregor and Dayal, Jai and Wang, Fugang},
  Booktitle                = {Proceedings of the 10th IEEE/ACM International Conference on Cluster, Cloud and Grid Computing (CCGrid '10)},
  Year                     = {2010},
  Organization             = {IEEE},
  Pages                    = {368--377}
}

@InProceedings{whitlock2011parallel,
  Title                    = {Parallel In Situ Coupling of Simulation with a Fully Featured Visualization System},
  Author                   = {Brad Whitlock and Jean M. Favre and Jeremy S. Meredith},
  Booktitle                = {Proceedings of the Eurographics Symposium on Parallel Graphics and Visualization (EGPGV '10)},
  Year                     = {2011},
  Publisher                = {Eurographics Association}
}

@InCollection{fengguang2010sequential,
  Title                    = {Sequential File Prefetching in Linux},
  Author                   = {Wu, Fengguang},
  Booktitle                = {Advanced Operating Systems and Kernel Applications: Techniques and Technologies},
  Publisher                = {IGI Global},
  Year                     = {2010},
  Pages                    = {217--236},

  Doi                      = {10.4018/978-1-60566-850-5.ch011}
}

@Conference{wu2009fastbit,
  Title                    = {{FastBit}: Interactively Searching Massive Data},
  Author                   = {Wu, K. and Ahern, S. and Bethel, E.W. and Chen, J. and Childs, H. and Cormier-Michel, E. and Geddes, C. and Gu, J. and Hagen, H. and Hamann, B. and others},
  Booktitle                = {Journal of Physics: Conference Series},
  Year                     = {2009},
  Number                   = {1},
  Organization             = {IOP Publishing},
  Volume                   = {180}
}

@InProceedings{yildiz2014performance,
  Title                    = {A Performance and Energy Analysis of {I/O} Management Approaches for Exascale Systems},
  Author                   = {Yildiz, Orcun and Dorier, Matthieu and Ibrahim, Shadi and Antoniu, Gabriel},
  Booktitle                = {Proceedings of the Sixth International Workshop on Data Intensive Distributed Computing (DIDC '14)},
  Year                     = {2014},

  Address                  = {New York, NY, USA},
  Pages                    = {35--40},
  Publisher                = {ACM},

  Acmid                    = {2608026},
  Doi                      = {10.1145/2608020.2608026},
  ISBN                     = {978-1-4503-2913-2},
  Location                 = {Vancouver, Canada},
  Numpages                 = {6},
  Url                      = {http://doi.acm.org/10.1145/2608020.2608026}
}

@Article{yu2005study,
  Title                    = {A Study of {I/O} Techniques for Parallel Visualization},
  Author                   = {Yu, H. and Ma, K.L.},
  Journal                  = {Journal of Parallel Computing},
  Year                     = {2005},
  Number                   = {2},
  Volume                   = {31},
  Publisher                = {Elsevier}
}

@Article{yu2010insitu,
  Title                    = {In Situ Visualization for Large-Scale Combustion Simulations},
  Author                   = {Hongfeng Yu and Chaoli Wang and Grout, R.W. and Chen, J.H. and Kwan-Liu Ma},
  Journal                  = {IEEE Computer Graphics and Applications},
  Year                     = {2010},

  Month                    = {May-June},
  Number                   = {3},
  Pages                    = {45--57},
  Volume                   = {30},

  Doi                      = {10.1109/MCG.2010.55},
  ISSN                     = {0272-1716}
}

@InProceedings{boito2013agios,
  Title                    = {{AGIOS}: Application-Guided {I/O} Scheduling for Parallel File Systems},
  Author                   = {Zanon Boito, F. and Kassick, R. and Navaux, P.O.A. and Denneulin, Y.},
  Booktitle                = {Proceedings of the International Conference on Parallel and Distributed Systems (ICPADS '13)},
  Year                     = {2013},
  Month                    = {Dec},
  Pages                    = {43-50},

  Doi                      = {10.1109/ICPADS.2013.19},
  ISSN                     = {1521-9097}
}

@InProceedings{zhang2012situ,
  Title                    = {In-situ Feature-Based Objects Tracking for Large-Scale Scientific Simulations},
  Author                   = {Zhang, Fan and Lasluisa, Solomon and Jin, Tong and Rodero, Ivan and Bui, Hoang and Parashar, Manish},
  Booktitle                = {ACM/IEEE SC Companion},
  Year                     = {2012},
  Organization             = {IEEE},
  OPTPages                    = {736--740}
}

@InProceedings{zhang2012opportunistic,
  Title                    = {Opportunistic Data-driven Execution of Parallel Programs for Efficient {I/O} Services},
  Author                   = {Zhang, X. and Davis, K. and Jiang, S.},
  Booktitle                = {Proceedings of the 26th IEEE International Parallel \& Distributed Processing Symposium (IPDPS '12)},
  Year                     = {2012},
  Organization             = {IEEE},
  Pages                    = {330--341}
}

@Conference{zhang2011qos,
  Title                    = {{QoS} Support for End Users of {I/O-Intensive} Applications using Shared Storage Systems},
  Author                   = {Zhang, Xuechen and Davis, Kei and Jiang, Song},
  Booktitle                = {Proceedings of the ACM/IEEE International Conference on High Performance Computing, Networking, Storage and Analysis (SC '11)},
  Year                     = {2011},
  Month                    = nov,
  OPTPages                    = {1--12},

  Location                 = {Seattle, Washington, USA}
}

@InProceedings{zhang2010iorchestrator,
  Title                    = {{IOrchestrator}: Improving the Performance of Multi-Node {I/O} Systems via Inter-Server Coordination},
  Author                   = {Zhang, Xuechen and Davis, Kei and Jiang, Song},
  Booktitle                = {Proceedings of the ACM/IEEE International Conference for High Performance Computing, Networking, Storage and Analysis (SC'10)},
  Year                     = {2010},
  Organization             = {IEEE Computer Society},
  OPTPages                    = {1--11}
}

@InProceedings{zheng2011insitu,
  Title                    = {In-situ {I/O} Processing: A Case for Location Flexibility},
  Author                   = {Zheng, Fang and Abbasi, Hasan and Cao, Jianting and Dayal, Jai and Schwan, Karsten and Wolf, Matthew and Klasky, Scott and Podhorszki, Norbert},
  Booktitle                = {Proceedings of the Sixth Workshop on Parallel Data Storage (PDSW '11)},
  Year                     = {2011},

  Address                  = {New York, NY, USA},
  Pages                    = {37--42},
  Publisher                = {ACM},

  Acmid                    = {2159362},
  Doi                      = {10.1145/2159352.2159362},
  ISBN                     = {978-1-4503-1103-8},
  Location                 = {Seattle, Washington, USA},
  Numpages                 = {6},
  Url                      = {http://doi.acm.org/10.1145/2159352.2159362}
}

@Conference{zheng2010predata,
  Title                    = {{PreDatA} -- Preparatory Data Analytics on Peta-Scale Machines},
  Author                   = {Fang Zheng and Abbasi, H. and Docan, C. and Lofstead, J. and Qing Liu and Klasky, S. and Parashar, M. and Podhorszki, N. and Schwan, K. and Wolf, M.},
  Booktitle                = {Proceedings of the IEEE International Symposium on Parallel Distributed Processing (IPDPS '10)},
  Year                     = {2010},

  Doi                      = {10.1109/IPDPS.2010.5470454},
  ISSN                     = {1530-2075}
}

@InProceedings{zheng2011highend,
  Title                    = {High End Scientific Codes with Computational {I/O} Pipelines: Improving their End-to-End Performance},
  Author                   = {Zheng, Fang and Cao, Jianting and Dayal, Jai and Eisenhauer, Greg and Schwan, Karsten and Wolf, Matthew and Abbasi, Hasan and Klasky, Scott and Podhorszki, Norbert},
  Booktitle                = {Proceedings of the 2nd International Workshop on Petascal Data Analytics: Challenges and Opportunities (PDAC '11)},
  Year                     = {2011},

  Address                  = {New York, NY, USA},
  Pages                    = {23--28},
  Publisher                = {ACM},

  Acmid                    = {2110210},
  Doi                      = {10.1145/2110205.2110210},
  ISBN                     = {978-1-4503-1130-4},
  Location                 = {Seattle, Washington, USA},
  Numpages                 = {6},
  Url                      = {http://doi.acm.org/10.1145/2110205.2110210}
}

@InProceedings{zounmevo2013using,
  Title                    = {Using {MPI} in High-Performance Computing Services},
  Author                   = {Zounmevo, Judicael A. and Kimpe, Dries and Ross, Robert and Afsahi, Ahmad},
  Booktitle                = {Proceedings of the European MPI Users' Group Meeting (EuroMPI '13)},
  Year                     = {2013},
  Month                    = sep,
  Pages                    = {43--48}
}

@misc{sisneros2013application,
    author  = "Sisneros, Roberto and Chadalavada, Kalyana",
    title   = "Application I/O on Blue Waters",
    year    = 2013,
	HowPublished = {(Presentation) \url{https://bluewaters.ncsa.illinois.edu/c/document_library/get_file?uuid=d70b1e4f-c733-495e-833c-85d4d36c0ae9&groupId=10157}}
}

@misc{xdmf,
	author = {{KitWare}},
	title = {{eXtensible Data Model and Format (XDMF)}},
	HowPublished = {\url{http://www.xdmf.org/}},
	Year = {2015}
}

@misc{dataspace,
	author = {{Rutgers}},
	title = {{DataSpace}},
	HowPublished={\url{www.dataspaces.org/}},
	Year={2015}
}

@inproceedings{Peterka11Scalable, 
author = "Tom Peterka and Robert Ross and Wesley Kendall and Attila Gyulassy and Valerio Pascucci and Han-Wei Shen and Teng-Yok Lee and Abon Chaudhuri", 
title = "Scalable Parallel Building Blocks for Custom Data Analysis", 
booktitle = "Proceedings of Large Data Analysis and Visualization Symposium LDAV'11", 
address = "Providence, RI", 
year = "2011" 
} 